@inproceedings{10.1145/3597503.3623345,
	author = {Steenhoek, Benjamin and Gao, Hongyang and Le, Wei},
	title = {Dataflow Analysis-Inspired Deep Learning for Efficient Vulnerability Detection},
	year = {2024},
	isbn = {9798400702174},
	publisher = {Association for Computing Machinery},
	address = {New York, NY, USA},
	url = {https://doi.org/10.1145/3597503.3623345},
	doi = {10.1145/3597503.3623345},
	booktitle = {Proceedings of the IEEE/ACM 46th International Conference on Software Engineering},
	articleno = {16},
	numpages = {13},
	location = {Lisbon, Portugal},
	series = {ICSE '24}
}


@inproceedings{10.1145/3597503.3623304,
	author = {Ma, Lipeng and Yang, Weidong and Xu, Bo and Jiang, Sihang and Fei, Ben and Liang, Jiaqing and Zhou, Mingjie and Xiao, Yanghua},
	title = {KnowLog: Knowledge Enhanced Pre-trained Language Model for Log Understanding},
	year = {2024},
	isbn = {9798400702174},
	publisher = {Association for Computing Machinery},
	address = {New York, NY, USA},
	url = {https://doi.org/10.1145/3597503.3623304},
	doi = {10.1145/3597503.3623304},
	booktitle = {Proceedings of the IEEE/ACM 46th International Conference on Software Engineering},
	articleno = {32},
	numpages = {13},
	keywords = {pre-trained language model, knowledge enhancement, log understanding},
	location = {Lisbon, Portugal},
	series = {ICSE '24}
}


@inproceedings{10.1145/3597503.3639126,
	author = {Zhou, Zhenhao and Sha, Chaofeng and Peng, Xin},
	title = {On Calibration of Pre-trained Code Models},
	year = {2024},
	isbn = {9798400702174},
	publisher = {Association for Computing Machinery},
	address = {New York, NY, USA},
	url = {https://doi.org/10.1145/3597503.3639126},
	doi = {10.1145/3597503.3639126},
	booktitle = {Proceedings of the IEEE/ACM 46th International Conference on Software Engineering},
	articleno = {77},
	numpages = {13},
	keywords = {pre-trained code models, model calibration, model reliability},
	location = {Lisbon, Portugal},
	series = {ICSE '24}
}


@inproceedings{10.1145/3597503.3639217,
	author = {Wang, Wenhan and Li, Yanzhou and Li, Anran and Zhang, Jian and Ma, Wei and Liu, Yang},
	title = {An Empirical Study on Noisy Label Learning for Program Understanding},
	year = {2024},
	isbn = {9798400702174},
	publisher = {Association for Computing Machinery},
	address = {New York, NY, USA},
	url = {https://doi.org/10.1145/3597503.3639217},
	doi = {10.1145/3597503.3639217},
	booktitle = {Proceedings of the IEEE/ACM 46th International Conference on Software Engineering},
	articleno = {95},
	numpages = {12},
	keywords = {program understanding, deep learning, noisy label learning},
	location = {Lisbon, Portugal},
	series = {ICSE '24}
}


@inproceedings{10.1145/3597503.3639117,
	author = {Sun, Yuqiang and Wu, Daoyuan and Xue, Yue and Liu, Han and Wang, Haijun and Xu, Zhengzi and Xie, Xiaofei and Liu, Yang},
	title = {GPTScan: Detecting Logic Vulnerabilities in Smart Contracts by Combining GPT with Program Analysis},
	year = {2024},
	isbn = {9798400702174},
	publisher = {Association for Computing Machinery},
	address = {New York, NY, USA},
	url = {https://doi.org/10.1145/3597503.3639117},
	doi = {10.1145/3597503.3639117},
	booktitle = {Proceedings of the IEEE/ACM 46th International Conference on Software Engineering},
	articleno = {166},
	numpages = {13},
	location = {Lisbon, Portugal},
	series = {ICSE '24}
}


@inproceedings{10.1145/3597503.3639194,
	author = {Tanzil, Minaoar Hossain and Khan, Junaed Younus and Uddin, Gias},
	title = {ChatGPT Incorrectness Detection in Software Reviews},
	year = {2024},
	isbn = {9798400702174},
	publisher = {Association for Computing Machinery},
	address = {New York, NY, USA},
	url = {https://doi.org/10.1145/3597503.3639194},
	doi = {10.1145/3597503.3639194},
	booktitle = {Proceedings of the IEEE/ACM 46th International Conference on Software Engineering},
	articleno = {180},
	numpages = {12},
	keywords = {large language model, chatGPT, hallucination, testing},
	location = {Lisbon, Portugal},
	series = {ICSE '24}
}


@inproceedings{10.1145/3597503.3639202,
	author = {Sun, Jiamou and Chen, Jieshan and Xing, Zhenchang and Lu, Qinghua and Xu, Xiwei and Zhu, Liming},
	title = {Where is it? Tracing the Vulnerability-relevant Files from Vulnerability Reports},
	year = {2024},
	isbn = {9798400702174},
	publisher = {Association for Computing Machinery},
	address = {New York, NY, USA},
	url = {https://doi.org/10.1145/3597503.3639202},
	doi = {10.1145/3597503.3639202},
	booktitle = {Proceedings of the IEEE/ACM 46th International Conference on Software Engineering},
	articleno = {200},
	numpages = {13},
	keywords = {vulnerability-relevant file, security, software supply chain},
	location = {Lisbon, Portugal},
	series = {ICSE '24}
}


@inproceedings{10.1145/3663529.3663785,
	author = {Wang, Yiran and L\'{o}pez, Jos\'{e} Antonio Hern\'{a}ndez and Nilsson, Ulf and Varr\'{o}, D\'{a}niel},
	title = {Using Run-Time Information to Enhance Static Analysis of Machine Learning Code in Notebooks},
	year = {2024},
	isbn = {9798400706585},
	publisher = {Association for Computing Machinery},
	address = {New York, NY, USA},
	url = {https://doi.org/10.1145/3663529.3663785},
	doi = {10.1145/3663529.3663785},
	booktitle = {Companion Proceedings of the 32nd ACM International Conference on the Foundations of Software Engineering},
	pages = {497–501},
	numpages = {5},
	keywords = {large language models, machine learning bugs, notebook, run-time information, static analysis},
	location = {Porto de Galinhas, Brazil},
	series = {FSE 2024}
}


@inproceedings{10.1145/3663529.3663794,
	author = {Hora, Andre},
	title = {Predicting Test Results without Execution},
	year = {2024},
	isbn = {9798400706585},
	publisher = {Association for Computing Machinery},
	address = {New York, NY, USA},
	url = {https://doi.org/10.1145/3663529.3663794},
	doi = {10.1145/3663529.3663794},
	booktitle = {Companion Proceedings of the 32nd ACM International Conference on the Foundations of Software Engineering},
	pages = {542–546},
	numpages = {5},
	keywords = {GPT-4, LLMs, large language models, software testing},
	location = {Porto de Galinhas, Brazil},
	series = {FSE 2024}
}


@article{10323231,
	author = {Shen, Yuchen and Breaux, Travis},
	journal = { IEEE Transactions on Software Engineering },
	title = {{ Stakeholder Preference Extraction From Scenarios }},
	year = {2024},
	volume = {50},
	number = {01},
	ISSN = {1939-3520},
	pages = {69-84},
	keywords = {Stakeholders;Software;Surveys;Feature extraction;Transformers;Syntactics;Machine learning},
	doi = {10.1109/TSE.2023.3333265},
	url = {https://doi.ieeecomputersociety.org/10.1109/TSE.2023.3333265},
	publisher = {IEEE Computer Society},
	address = {Los Alamitos, CA, USA},
	month = {jan}
}


@article{10402095,
	author = {Zhang, Quanjun and Fang, Chunrong and Sun, Weisong and Liu, Yan and He, Tieke and Hao, Xiaodong and Chen, Zhenyu},
	journal = { IEEE Transactions on Software Engineering },
	title = {{ APPT: Boosting Automated Patch Correctness Prediction via Fine-Tuning Pre-Trained Models }},
	year = {2024},
	volume = {50},
	number = {03},
	ISSN = {1939-3520},
	pages = {474-494},
	keywords = {Codes;Feature extraction;Task analysis;Predictive models;Maintenance engineering;Computer bugs;Adaptation models},
	doi = {10.1109/TSE.2024.3354969},
	url = {https://doi.ieeecomputersociety.org/10.1109/TSE.2024.3354969},
	publisher = {IEEE Computer Society},
	address = {Los Alamitos, CA, USA},
	month = {mar}
}


@article{10586831,
	author = {Cui, Lei and Yin, Junnan and Cui, Jiancong and Ji, Yuede and Liu, Peng and Hao, Zhiyu and Yun, Xiaochun},
	journal = { IEEE Transactions on Software Engineering },
	title = {{ API2Vec++: Boosting API Sequence Representation for Malware Detection and Classification }},
	year = {2024},
	volume = {50},
	number = {08},
	ISSN = {1939-3520},
	pages = {2142-2162},
	keywords = {Malware;Logic;Legged locomotion;Task analysis;Feature extraction;Encoding;Runtime},
	doi = {10.1109/TSE.2024.3422990},
	url = {https://doi.ieeecomputersociety.org/10.1109/TSE.2024.3422990},
	publisher = {IEEE Computer Society},
	address = {Los Alamitos, CA, USA},
	month = {aug}
}


@article{10648982,
	author = {Sun, Weifeng and Guo, Zhenting and Yan, Meng and Liu, Zhongxin and Lei, Yan and Zhang, Hongyu},
	journal = { IEEE Transactions on Software Engineering },
	title = {{ Method-Level Test-to-Code Traceability Link Construction by Semantic Correlation Learning }},
	year = {2024},
	volume = {50},
	number = {10},
	ISSN = {1939-3520},
	pages = {2656-2676},
	keywords = {Codes;Task analysis;Phase change materials;Semantics;Software;Production;Correlation},
	doi = {10.1109/TSE.2024.3449917},
	url = {https://doi.ieeecomputersociety.org/10.1109/TSE.2024.3449917},
	publisher = {IEEE Computer Society},
	address = {Los Alamitos, CA, USA},
	month = {oct}
}


@article{10659742,
	author = {Zhou, Xin and Xu, Bowen and Kim, Kisub and Han, DongGyun and Nguyen, Hung Huu and Le-Cong, Thanh and He, Junda and Le, Bach and Lo, David},
	journal = { IEEE Transactions on Software Engineering },
	title = {{ Leveraging Large Language Model for Automatic Patch Correctness Assessment }},
	year = {2024},
	volume = {50},
	number = {11},
	ISSN = {1939-3520},
	pages = {2865-2883},
	keywords = {Computer bugs;Codes;Task analysis;Large language models;Feature extraction;Training;Manuals},
	doi = {10.1109/TSE.2024.3452252},
	url = {https://doi.ieeecomputersociety.org/10.1109/TSE.2024.3452252},
	publisher = {IEEE Computer Society},
	address = {Los Alamitos, CA, USA},
	month = {nov}
}


@article{10746847,
	author = {Jiang, Yuan and Zhang, Yujian and Su, Xiaohong and Treude, Christoph and Wang, Tiantian},
	journal = { IEEE Transactions on Software Engineering },
	title = {{ StagedVulBERT: Multigranular Vulnerability Detection With a Novel Pretrained Code Model }},
	year = {2024},
	volume = {50},
	number = {12},
	ISSN = {1939-3520},
	pages = {3454-3471},
	keywords = {Codes;Transformers;Feature extraction;Semantics;Training;Accuracy;Technological innovation;Predictive models;Heating systems;Computer architecture},
	doi = {10.1109/TSE.2024.3493245},
	url = {https://doi.ieeecomputersociety.org/10.1109/TSE.2024.3493245},
	publisher = {IEEE Computer Society},
	address = {Los Alamitos, CA, USA},
	month = {dec}
}


@inproceedings{10.1145/3597503.3639216,
	author = {Gao, Shuzheng and Mao, Wenxin and Gao, Cuiyun and Li, Li and Hu, Xing and Xia, Xin and Lyu, Michael R.},
	title = {Learning in the Wild: Towards Leveraging Unlabeled Data for Effectively Tuning Pre-trained Code Models},
	year = {2024},
	isbn = {9798400702174},
	publisher = {Association for Computing Machinery},
	address = {New York, NY, USA},
	url = {https://doi.org/10.1145/3597503.3639216},
	doi = {10.1145/3597503.3639216},
	booktitle = {Proceedings of the IEEE/ACM 46th International Conference on Software Engineering},
	articleno = {80},
	numpages = {13},
	location = {Lisbon, Portugal},
	series = {ICSE '24}
}


@article{10599336,
	author = {Nashaat, Mona and Miller, James},
	journal = { IEEE Transactions on Software Engineering },
	title = {{ Towards Efficient Fine-Tuning of Language Models With Organizational Data for Automated Software Review }},
	year = {2024},
	volume = {50},
	number = {09},
	ISSN = {1939-3520},
	pages = {2240-2253},
	keywords = {Codes;Reviews;Task analysis;Data models;Large language models;Computational modeling;Training},
	doi = {10.1109/TSE.2024.3428324},
	url = {https://doi.ieeecomputersociety.org/10.1109/TSE.2024.3428324},
	publisher = {IEEE Computer Society},
	address = {Los Alamitos, CA, USA},
	month = {sep}
}


@article{10704582,
	author = {Fatima, Sakina and Hemmati, Hadi and C. Briand, Lionel},
	journal = { IEEE Transactions on Software Engineering },
	title = {{ FlakyFix: Using Large Language Models for Predicting Flaky Test Fix Categories and Test Code Repair }},
	year = {2024},
	volume = {50},
	number = {12},
	ISSN = {1939-3520},
	pages = {3146-3171},
	keywords = {Codes;Predictive models;Maintenance engineering;Analytical models;Production;Large language models;Java;Few shot learning;Python;Manuals},
	doi = {10.1109/TSE.2024.3472476},
	url = {https://doi.ieeecomputersociety.org/10.1109/TSE.2024.3472476},
	publisher = {IEEE Computer Society},
	address = {Los Alamitos, CA, USA},
	month = {dec}
}


@inproceedings{10.1145/3597503.3623322,
	author = {Zhang, Yakun and Zhang, Wenjie and Ran, Dezhi and Zhu, Qihao and Dou, Chengfeng and Hao, Dan and Xie, Tao and Zhang, Lu},
	title = {Learning-based Widget Matching for Migrating GUI Test Cases},
	year = {2024},
	isbn = {9798400702174},
	publisher = {Association for Computing Machinery},
	address = {New York, NY, USA},
	url = {https://doi.org/10.1145/3597503.3623322},
	doi = {10.1145/3597503.3623322},
	booktitle = {Proceedings of the IEEE/ACM 46th International Conference on Software Engineering},
	articleno = {69},
	numpages = {13},
	keywords = {test migration, GUI testing, deep learning},
	location = {Lisbon, Portugal},
	series = {ICSE '24}
}


@inproceedings{10.1145/3597503.3639150,
	author = {Ma, Zeyang and Chen, An Ran and Kim, Dong Jae and Chen, Tse-Hsun and Wang, Shaowei},
	title = {LLMParser: An Exploratory Study on Using Large Language Models for Log Parsing},
	year = {2024},
	isbn = {9798400702174},
	publisher = {Association for Computing Machinery},
	address = {New York, NY, USA},
	url = {https://doi.org/10.1145/3597503.3639150},
	doi = {10.1145/3597503.3639150},
	booktitle = {Proceedings of the IEEE/ACM 46th International Conference on Software Engineering},
	articleno = {99},
	numpages = {13},
	keywords = {log parsing, log analysis, large language model},
	location = {Lisbon, Portugal},
	series = {ICSE '24}
}


@inproceedings{10.1145/3597503.3649399,
	author = {Rinard, Martin},
	title = {Software Engineering Research in a World with Generative Artificial Intelligence},
	year = {2024},
	isbn = {9798400702174},
	publisher = {Association for Computing Machinery},
	address = {New York, NY, USA},
	url = {https://doi.org/10.1145/3597503.3649399},
	doi = {10.1145/3597503.3649399},
	booktitle = {Proceedings of the IEEE/ACM 46th International Conference on Software Engineering},
	articleno = {2},
	numpages = {5},
	keywords = {software engineering, generative artificial intelligence, large language models},
	location = {Lisbon, Portugal},
	series = {ICSE '24}
}


@inproceedings{10.1145/3597503.3608132,
	author = {Peng, Yun and Gao, Shuzheng and Gao, Cuiyun and Huo, Yintong and Lyu, Michael},
	title = {Domain Knowledge Matters: Improving Prompts with Fix Templates for Repairing Python Type Errors},
	year = {2024},
	isbn = {9798400702174},
	publisher = {Association for Computing Machinery},
	address = {New York, NY, USA},
	url = {https://doi.org/10.1145/3597503.3608132},
	doi = {10.1145/3597503.3608132},
	booktitle = {Proceedings of the IEEE/ACM 46th International Conference on Software Engineering},
	articleno = {4},
	numpages = {13},
	location = {Lisbon, Portugal},
	series = {ICSE '24}
}


@inproceedings{10.1145/3597503.3623326,
	author = {Xu, Junjielong and Cui, Ziang and Zhao, Yuan and Zhang, Xu and He, Shilin and He, Pinjia and Li, Liqun and Kang, Yu and Lin, Qingwei and Dang, Yingnong and Rajmohan, Saravan and Zhang, Dongmei},
	title = {UniLog: Automatic Logging via LLM and In-Context Learning},
	year = {2024},
	isbn = {9798400702174},
	publisher = {Association for Computing Machinery},
	address = {New York, NY, USA},
	url = {https://doi.org/10.1145/3597503.3623326},
	doi = {10.1145/3597503.3623326},
	booktitle = {Proceedings of the IEEE/ACM 46th International Conference on Software Engineering},
	articleno = {14},
	numpages = {12},
	keywords = {logging, large language model, in-context learning},
	location = {Lisbon, Portugal},
	series = {ICSE '24}
}


@inproceedings{10.1145/3597503.3623298,
	author = {Huang, Yuchao and Wang, Junjie and Liu, Zhe and Wang, Yawen and Wang, Song and Chen, Chunyang and Hu, Yuanzhe and Wang, Qing},
	title = {CrashTranslator: Automatically Reproducing Mobile Application Crashes Directly from Stack Trace},
	year = {2024},
	isbn = {9798400702174},
	publisher = {Association for Computing Machinery},
	address = {New York, NY, USA},
	url = {https://doi.org/10.1145/3597503.3623298},
	doi = {10.1145/3597503.3623298},
	booktitle = {Proceedings of the IEEE/ACM 46th International Conference on Software Engineering},
	articleno = {18},
	numpages = {13},
	keywords = {bug reproduction, stack trace, mobile application testing},
	location = {Lisbon, Portugal},
	series = {ICSE '24}
}


@inproceedings{10.1145/3597503.3623306,
	author = {Guo, Qi and Cao, Junming and Xie, Xiaofei and Liu, Shangqing and Li, Xiaohong and Chen, Bihuan and Peng, Xin},
	title = {Exploring the Potential of ChatGPT in Automated Code Refinement: An Empirical Study},
	year = {2024},
	isbn = {9798400702174},
	publisher = {Association for Computing Machinery},
	address = {New York, NY, USA},
	url = {https://doi.org/10.1145/3597503.3623306},
	doi = {10.1145/3597503.3623306},
	booktitle = {Proceedings of the IEEE/ACM 46th International Conference on Software Engineering},
	articleno = {34},
	numpages = {13},
	location = {Lisbon, Portugal},
	series = {ICSE '24}
}


@inproceedings{10.1145/3597503.3623316,
	author = {Yu, Hao and Shen, Bo and Ran, Dezhi and Zhang, Jiaxin and Zhang, Qi and Ma, Yuchi and Liang, Guangtai and Li, Ying and Wang, Qianxiang and Xie, Tao},
	title = {CoderEval: A Benchmark of Pragmatic Code Generation with Generative Pre-trained Models},
	year = {2024},
	isbn = {9798400702174},
	publisher = {Association for Computing Machinery},
	address = {New York, NY, USA},
	url = {https://doi.org/10.1145/3597503.3623316},
	doi = {10.1145/3597503.3623316},
	booktitle = {Proceedings of the IEEE/ACM 46th International Conference on Software Engineering},
	articleno = {37},
	numpages = {12},
	keywords = {code generation, large language models, benchmark},
	location = {Lisbon, Portugal},
	series = {ICSE '24}
}


@inproceedings{10.1145/3597503.3608134,
	author = {Geng, Mingyang and Wang, Shangwen and Dong, Dezun and Wang, Haotian and Li, Ge and Jin, Zhi and Mao, Xiaoguang and Liao, Xiangke},
	title = {Large Language Models are Few-Shot Summarizers: Multi-Intent Comment Generation via In-Context Learning},
	year = {2024},
	isbn = {9798400702174},
	publisher = {Association for Computing Machinery},
	address = {New York, NY, USA},
	url = {https://doi.org/10.1145/3597503.3608134},
	doi = {10.1145/3597503.3608134},
	booktitle = {Proceedings of the IEEE/ACM 46th International Conference on Software Engineering},
	articleno = {39},
	numpages = {13},
	keywords = {code summarization, large language model, in-context learning},
	location = {Lisbon, Portugal},
	series = {ICSE '24}
}


@inproceedings{10.1145/3597503.3608137,
	author = {Feng, Sidong and Chen, Chunyang},
	title = {Prompting Is All You Need: Automated Android Bug Replay with Large Language Models},
	year = {2024},
	isbn = {9798400702174},
	publisher = {Association for Computing Machinery},
	address = {New York, NY, USA},
	url = {https://doi.org/10.1145/3597503.3608137},
	doi = {10.1145/3597503.3608137},
	booktitle = {Proceedings of the IEEE/ACM 46th International Conference on Software Engineering},
	articleno = {67},
	numpages = {13},
	keywords = {automated bug replay, large language model, prompt engineering},
	location = {Lisbon, Portugal},
	series = {ICSE '24}
}


@inproceedings{10.1145/3597503.3623343,
	author = {Deng, Yinlin and Xia, Chunqiu Steven and Yang, Chenyuan and Zhang, Shizhuo Dylan and Yang, Shujing and Zhang, Lingming},
	title = {Large Language Models are Edge-Case Generators: Crafting Unusual Programs for Fuzzing Deep Learning Libraries},
	year = {2024},
	isbn = {9798400702174},
	publisher = {Association for Computing Machinery},
	address = {New York, NY, USA},
	url = {https://doi.org/10.1145/3597503.3623343},
	doi = {10.1145/3597503.3623343},
	booktitle = {Proceedings of the IEEE/ACM 46th International Conference on Software Engineering},
	articleno = {70},
	numpages = {13},
	location = {Lisbon, Portugal},
	series = {ICSE '24}
}


@inproceedings{10.1145/3597503.3639085,
	author = {Chen, Junkai and Hu, Xing and Li, Zhenhao and Gao, Cuiyun and Xia, Xin and Lo, David},
	title = {Code Search is All You Need? Improving Code Suggestions with Code Search},
	year = {2024},
	isbn = {9798400702174},
	publisher = {Association for Computing Machinery},
	address = {New York, NY, USA},
	url = {https://doi.org/10.1145/3597503.3639085},
	doi = {10.1145/3597503.3639085},
	booktitle = {Proceedings of the IEEE/ACM 46th International Conference on Software Engineering},
	articleno = {73},
	numpages = {13},
	keywords = {code suggestion, code search, language model},
	location = {Lisbon, Portugal},
	series = {ICSE '24}
}


@inproceedings{10.1145/3597503.3639120,
	author = {Sun, Zhensu and Du, Xiaoning and Song, Fu and Wang, Shangwen and Li, Li},
	title = {When Neural Code Completion Models Size up the Situation: Attaining Cheaper and Faster Completion through Dynamic Model Inference},
	year = {2024},
	isbn = {9798400702174},
	publisher = {Association for Computing Machinery},
	address = {New York, NY, USA},
	url = {https://doi.org/10.1145/3597503.3639120},
	doi = {10.1145/3597503.3639120},
	booktitle = {Proceedings of the IEEE/ACM 46th International Conference on Software Engineering},
	articleno = {75},
	numpages = {12},
	location = {Lisbon, Portugal},
	series = {ICSE '24}
}


@inproceedings{10.1145/3597503.3639133,
	author = {Al-Kaswan, Ali and Izadi, Maliheh and van Deursen, Arie},
	title = {Traces of Memorisation in Large Language Models for Code},
	year = {2024},
	isbn = {9798400702174},
	publisher = {Association for Computing Machinery},
	address = {New York, NY, USA},
	url = {https://doi.org/10.1145/3597503.3639133},
	doi = {10.1145/3597503.3639133},
	booktitle = {Proceedings of the IEEE/ACM 46th International Conference on Software Engineering},
	articleno = {78},
	numpages = {12},
	keywords = {large language models, privacy, memorisation, data leakage},
	location = {Lisbon, Portugal},
	series = {ICSE '24}
}


@inproceedings{10.1145/3597503.3639138,
	author = {Izadi, Maliheh and Katzy, Jonathan and Van Dam, Tim and Otten, Marc and Popescu, Razvan Mihai and Van Deursen, Arie},
	title = {Language Models for Code Completion: A Practical Evaluation},
	year = {2024},
	isbn = {9798400702174},
	publisher = {Association for Computing Machinery},
	address = {New York, NY, USA},
	url = {https://doi.org/10.1145/3597503.3639138},
	doi = {10.1145/3597503.3639138},
	booktitle = {Proceedings of the IEEE/ACM 46th International Conference on Software Engineering},
	articleno = {79},
	numpages = {13},
	keywords = {automatic code completion, transformers, language models, IDE, evaluation, open source, InCoder, UniXcoder, CodeGPT},
	location = {Lisbon, Portugal},
	series = {ICSE '24}
}


@inproceedings{10.1145/3597503.3639219,
	author = {Du, Xueying and Liu, Mingwei and Wang, Kaixin and Wang, Hanlin and Liu, Junwei and Chen, Yixuan and Feng, Jiayi and Sha, Chaofeng and Peng, Xin and Lou, Yiling},
	title = {Evaluating Large Language Models in Class-Level Code Generation},
	year = {2024},
	isbn = {9798400702174},
	publisher = {Association for Computing Machinery},
	address = {New York, NY, USA},
	url = {https://doi.org/10.1145/3597503.3639219},
	doi = {10.1145/3597503.3639219},
	booktitle = {Proceedings of the IEEE/ACM 46th International Conference on Software Engineering},
	articleno = {81},
	numpages = {13},
	keywords = {class-level code generation, large language model, benchmark},
	location = {Lisbon, Portugal},
	series = {ICSE '24}
}


@inproceedings{10.1145/3597503.3639226,
	author = {Pan, Rangeet and Ibrahimzada, Ali Reza and Krishna, Rahul and Sankar, Divya and Wassi, Lambert Pouguem and Merler, Michele and Sobolev, Boris and Pavuluri, Raju and Sinha, Saurabh and Jabbarvand, Reyhaneh},
	title = {Lost in Translation: A Study of Bugs Introduced by Large Language Models while Translating Code},
	year = {2024},
	isbn = {9798400702174},
	publisher = {Association for Computing Machinery},
	address = {New York, NY, USA},
	url = {https://doi.org/10.1145/3597503.3639226},
	doi = {10.1145/3597503.3639226},
	booktitle = {Proceedings of the IEEE/ACM 46th International Conference on Software Engineering},
	articleno = {82},
	numpages = {13},
	keywords = {code translation, bug taxonomy, llm},
	location = {Lisbon, Portugal},
	series = {ICSE '24}
}


@inproceedings{10.1145/3597503.3639184,
	author = {Chow, Yiu Wai and Di Grazia, Luca and Pradel, Michael},
	title = {PyTy: Repairing Static Type Errors in Python},
	year = {2024},
	isbn = {9798400702174},
	publisher = {Association for Computing Machinery},
	address = {New York, NY, USA},
	url = {https://doi.org/10.1145/3597503.3639184},
	doi = {10.1145/3597503.3639184},
	booktitle = {Proceedings of the IEEE/ACM 46th International Conference on Software Engineering},
	articleno = {87},
	numpages = {13},
	keywords = {automatic program repair, type annotation, transfer learning},
	location = {Lisbon, Portugal},
	series = {ICSE '24}
}


@inproceedings{10.1145/3597503.3639081,
	author = {Jiang, Yuxuan and Zhang, Chaoyun and He, Shilin and Yang, Zhihao and Ma, Minghua and Qin, Si and Kang, Yu and Dang, Yingnong and Rajmohan, Saravan and Lin, Qingwei and Zhang, Dongmei},
	title = {Xpert: Empowering Incident Management with Query Recommendations via Large Language Models},
	year = {2024},
	isbn = {9798400702174},
	publisher = {Association for Computing Machinery},
	address = {New York, NY, USA},
	url = {https://doi.org/10.1145/3597503.3639081},
	doi = {10.1145/3597503.3639081},
	booktitle = {Proceedings of the IEEE/ACM 46th International Conference on Software Engineering},
	articleno = {92},
	numpages = {13},
	keywords = {incident management, query generation, large language model},
	location = {Lisbon, Portugal},
	series = {ICSE '24}
}


@inproceedings{10.1145/3597503.3639157,
	author = {Su, Yanqi and Liao, Dianshu and Xing, Zhenchang and Huang, Qing and Xie, Mulong and Lu, Qinghua and Xu, Xiwei},
	title = {Enhancing Exploratory Testing by Large Language Model and Knowledge Graph},
	year = {2024},
	isbn = {9798400702174},
	publisher = {Association for Computing Machinery},
	address = {New York, NY, USA},
	url = {https://doi.org/10.1145/3597503.3639157},
	doi = {10.1145/3597503.3639157},
	booktitle = {Proceedings of the IEEE/ACM 46th International Conference on Software Engineering},
	articleno = {98},
	numpages = {12},
	keywords = {exploratory testing, knowledge graph, AI chain, prompt engineering},
	location = {Lisbon, Portugal},
	series = {ICSE '24}
}


@inproceedings{10.1145/3597503.3639180,
	author = {Liu, Zhe and Chen, Chunyang and Wang, Junjie and Chen, Mengzhuo and Wu, Boyu and Che, Xing and Wang, Dandan and Wang, Qing},
	title = {Make LLM a Testing Expert: Bringing Human-like Interaction to Mobile GUI Testing via Functionality-aware Decisions},
	year = {2024},
	isbn = {9798400702174},
	publisher = {Association for Computing Machinery},
	address = {New York, NY, USA},
	url = {https://doi.org/10.1145/3597503.3639180},
	doi = {10.1145/3597503.3639180},
	booktitle = {Proceedings of the IEEE/ACM 46th International Conference on Software Engineering},
	articleno = {100},
	numpages = {13},
	keywords = {automated GUI testing, large language model},
	location = {Lisbon, Portugal},
	series = {ICSE '24}
}


@inproceedings{10.1145/3597503.3639121,
	author = {Xia, Chunqiu Steven and Paltenghi, Matteo and Le Tian, Jia and Pradel, Michael and Zhang, Lingming},
	title = {Fuzz4All: Universal Fuzzing with Large Language Models},
	year = {2024},
	isbn = {9798400702174},
	publisher = {Association for Computing Machinery},
	address = {New York, NY, USA},
	url = {https://doi.org/10.1145/3597503.3639121},
	doi = {10.1145/3597503.3639121},
	booktitle = {Proceedings of the IEEE/ACM 46th International Conference on Software Engineering},
	articleno = {126},
	numpages = {13},
	location = {Lisbon, Portugal},
	series = {ICSE '24}
}


@inproceedings{10.1145/3597503.3639118,
	author = {Liu, Zhe and Chen, Chunyang and Wang, Junjie and Chen, Mengzhuo and Wu, Boyu and Tian, Zhilin and Huang, Yuekai and Hu, Jun and Wang, Qing},
	title = {Testing the Limits: Unusual Text Inputs Generation for Mobile App Crash Detection with Large Language Model},
	year = {2024},
	isbn = {9798400702174},
	publisher = {Association for Computing Machinery},
	address = {New York, NY, USA},
	url = {https://doi.org/10.1145/3597503.3639118},
	doi = {10.1145/3597503.3639118},
	booktitle = {Proceedings of the IEEE/ACM 46th International Conference on Software Engineering},
	articleno = {137},
	numpages = {12},
	keywords = {Android GUI testing, large language model, in-context learning},
	location = {Lisbon, Portugal},
	series = {ICSE '24}
}


@inproceedings{10.1145/3597503.3639210,
	author = {Fu, Jingzhou and Liang, Jie and Wu, Zhiyong and Jiang, Yu},
	title = {Sedar: Obtaining High-Quality Seeds for DBMS Fuzzing via Cross-DBMS SQL Transfer},
	year = {2024},
	isbn = {9798400702174},
	publisher = {Association for Computing Machinery},
	address = {New York, NY, USA},
	url = {https://doi.org/10.1145/3597503.3639210},
	doi = {10.1145/3597503.3639210},
	booktitle = {Proceedings of the IEEE/ACM 46th International Conference on Software Engineering},
	articleno = {146},
	numpages = {12},
	keywords = {DBMS fuzzing, initial seeds, vulnerability detection},
	location = {Lisbon, Portugal},
	series = {ICSE '24}
}


@inproceedings{10.1145/3597503.3639116,
	author = {Nong, Yu and Fang, Richard and Yi, Guangbei and Zhao, Kunsong and Luo, Xiapu and Chen, Feng and Cai, Haipeng},
	title = {VGX: Large-Scale Sample Generation for Boosting Learning-Based Software Vulnerability Analyses},
	year = {2024},
	isbn = {9798400702174},
	publisher = {Association for Computing Machinery},
	address = {New York, NY, USA},
	url = {https://doi.org/10.1145/3597503.3639116},
	doi = {10.1145/3597503.3639116},
	booktitle = {Proceedings of the IEEE/ACM 46th International Conference on Software Engineering},
	articleno = {149},
	numpages = {13},
	keywords = {vulnerability dataset, vulnerability injection, data quality, vulnerability analysis, deep learning, program generation},
	location = {Lisbon, Portugal},
	series = {ICSE '24}
}


@inproceedings{10.1145/3597503.3639223,
	author = {Imran, Mia Mohammad and Chatterjee, Preetha and Damevski, Kostadin},
	title = {Uncovering the Causes of Emotions in Software Developer Communication Using Zero-shot LLMs},
	year = {2024},
	isbn = {9798400702174},
	publisher = {Association for Computing Machinery},
	address = {New York, NY, USA},
	url = {https://doi.org/10.1145/3597503.3639223},
	doi = {10.1145/3597503.3639223},
	booktitle = {Proceedings of the IEEE/ACM 46th International Conference on Software Engineering},
	articleno = {182},
	numpages = {13},
	location = {Lisbon, Portugal},
	series = {ICSE '24}
}


@inproceedings{10.1145/3597503.3639155,
	author = {Xu, Junjielong and Yang, Ruichun and Huo, Yintong and Zhang, Chengyu and He, Pinjia},
	title = {DivLog: Log Parsing with Prompt Enhanced In-Context Learning},
	year = {2024},
	isbn = {9798400702174},
	publisher = {Association for Computing Machinery},
	address = {New York, NY, USA},
	url = {https://doi.org/10.1145/3597503.3639155},
	doi = {10.1145/3597503.3639155},
	booktitle = {Proceedings of the IEEE/ACM 46th International Conference on Software Engineering},
	articleno = {199},
	numpages = {12},
	keywords = {log parsing, large language model, in-context learning},
	location = {Lisbon, Portugal},
	series = {ICSE '24}
}


@inproceedings{10.1145/3597503.3639183,
	author = {Ahmed, Toufique and Pai, Kunal Suresh and Devanbu, Premkumar and Barr, Earl},
	title = {Automatic Semantic Augmentation of Language Model Prompts (for Code Summarization)},
	year = {2024},
	isbn = {9798400702174},
	publisher = {Association for Computing Machinery},
	address = {New York, NY, USA},
	url = {https://doi.org/10.1145/3597503.3639183},
	doi = {10.1145/3597503.3639183},
	booktitle = {Proceedings of the IEEE/ACM 46th International Conference on Software Engineering},
	articleno = {220},
	numpages = {13},
	keywords = {LLM, code summarization, program analysis, prompt engineering},
	location = {Lisbon, Portugal},
	series = {ICSE '24}
}


@inproceedings{10.1145/3597503.3639135,
	author = {Yang, Yanming and Hu, Xing and Xia, Xin and Lo, David and Yang, Xiaohu},
	title = {Streamlining Java Programming: Uncovering Well-Formed Idioms with IdioMine},
	year = {2024},
	isbn = {9798400702174},
	publisher = {Association for Computing Machinery},
	address = {New York, NY, USA},
	url = {https://doi.org/10.1145/3597503.3639135},
	doi = {10.1145/3597503.3639135},
	booktitle = {Proceedings of the IEEE/ACM 46th International Conference on Software Engineering},
	articleno = {230},
	numpages = {12},
	keywords = {code idiom mining, code pattern, large language model (LLM), clustering},
	location = {Lisbon, Portugal},
	series = {ICSE '24}
}


@inproceedings{10.1145/3663529.3663829,
	author = {Toslali, Mert and Snible, Edward and Chen, Jing and Cha, Alan and Singh, Sandeep and Kalantar, Michael and Parthasarathy, Srinivasan},
	title = {AgraBOT: Accelerating Third-Party Security Risk Management in Enterprise Setting through Generative AI},
	year = {2024},
	isbn = {9798400706585},
	publisher = {Association for Computing Machinery},
	address = {New York, NY, USA},
	url = {https://doi.org/10.1145/3663529.3663829},
	doi = {10.1145/3663529.3663829},
	booktitle = {Companion Proceedings of the 32nd ACM International Conference on the Foundations of Software Engineering},
	pages = {74–79},
	numpages = {6},
	keywords = {AI, Document Understanding, LLM, RAG, TPSRM},
	location = {Porto de Galinhas, Brazil},
	series = {FSE 2024}
}


@inproceedings{10.1145/3663529.3663836,
	author = {Dunay, Omer and Cheng, Daniel and Tait, Adam and Thakkar, Parth and Rigby, Peter C. and Chiu, Andy and Ahmad, Imad and Ganesan, Arun and Maddila, Chandra and Murali, Vijayaraghavan and Tayyebi, Ali and Nagappan, Nachiappan},
	title = {Multi-line AI-Assisted Code Authoring},
	year = {2024},
	isbn = {9798400706585},
	publisher = {Association for Computing Machinery},
	address = {New York, NY, USA},
	url = {https://doi.org/10.1145/3663529.3663836},
	doi = {10.1145/3663529.3663836},
	booktitle = {Companion Proceedings of the 32nd ACM International Conference on the Foundations of Software Engineering},
	pages = {150–160},
	numpages = {11},
	keywords = {AI, Developer productivity, LLM code authoring, Neural code completion, Program synthesis, Responsiveness, User experience},
	location = {Porto de Galinhas, Brazil},
	series = {FSE 2024}
}


@inproceedings{10.1145/3663529.3663839,
	author = {Alshahwan, Nadia and Chheda, Jubin and Finogenova, Anastasia and Gokkaya, Beliz and Harman, Mark and Harper, Inna and Marginean, Alexandru and Sengupta, Shubho and Wang, Eddy},
	title = {Automated Unit Test Improvement using Large Language Models at Meta},
	year = {2024},
	isbn = {9798400706585},
	publisher = {Association for Computing Machinery},
	address = {New York, NY, USA},
	url = {https://doi.org/10.1145/3663529.3663839},
	doi = {10.1145/3663529.3663839},
	booktitle = {Companion Proceedings of the 32nd ACM International Conference on the Foundations of Software Engineering},
	pages = {185–196},
	numpages = {12},
	keywords = {Automated Test Generation, Genetic Improvement, LLMs, Large Language Models, Unit Testing},
	location = {Porto de Galinhas, Brazil},
	series = {FSE 2024}
}


@inproceedings{10.1145/3663529.3663841,
	author = {Roy, Devjeet and Zhang, Xuchao and Bhave, Rashi and Bansal, Chetan and Las-Casas, Pedro and Fonseca, Rodrigo and Rajmohan, Saravan},
	title = {Exploring LLM-Based Agents for Root Cause Analysis},
	year = {2024},
	isbn = {9798400706585},
	publisher = {Association for Computing Machinery},
	address = {New York, NY, USA},
	url = {https://doi.org/10.1145/3663529.3663841},
	doi = {10.1145/3663529.3663841},
	booktitle = {Companion Proceedings of the 32nd ACM International Conference on the Foundations of Software Engineering},
	pages = {208–219},
	numpages = {12},
	keywords = {AIOps, Cloud Computing, Incident Management, Root Cause Analysis},
	location = {Porto de Galinhas, Brazil},
	series = {FSE 2024}
}


@inproceedings{10.1145/3663529.3663842,
	author = {Wu, Shengnan and Hu, Yongxiang and Wang, Yingchuan and Gu, Jiazhen and Meng, Jin and Fan, Liujie and Luan, Zhongshi and Wang, Xin and Zhou, Yangfan},
	title = {Combating Missed Recalls in E-commerce Search: A CoT-Prompting Testing Approach},
	year = {2024},
	isbn = {9798400706585},
	publisher = {Association for Computing Machinery},
	address = {New York, NY, USA},
	url = {https://doi.org/10.1145/3663529.3663842},
	doi = {10.1145/3663529.3663842},
	booktitle = {Companion Proceedings of the 32nd ACM International Conference on the Foundations of Software Engineering},
	pages = {220–231},
	numpages = {12},
	keywords = {LLM, Metamorphic Testing, Search Components},
	location = {Porto de Galinhas, Brazil},
	series = {FSE 2024}
}


@inproceedings{10.1145/3663529.3663846,
	author = {Zhang, Xuchao and Ghosh, Supriyo and Bansal, Chetan and Wang, Rujia and Ma, Minghua and Kang, Yu and Rajmohan, Saravan},
	title = {Automated Root Causing of Cloud Incidents using In-Context Learning with GPT-4},
	year = {2024},
	isbn = {9798400706585},
	publisher = {Association for Computing Machinery},
	address = {New York, NY, USA},
	url = {https://doi.org/10.1145/3663529.3663846},
	doi = {10.1145/3663529.3663846},
	booktitle = {Companion Proceedings of the 32nd ACM International Conference on the Foundations of Software Engineering},
	pages = {266–277},
	numpages = {12},
	keywords = {In-context Learning, Incident Diagnosis, Large Language Model, Root Cause Analysis},
	location = {Porto de Galinhas, Brazil},
	series = {FSE 2024}
}


@inproceedings{10.1145/3663529.3663855,
	author = {Sarda, Komal and Namrud, Zakeya and Litoiu, Marin and Shwartz, Larisa and Watts, Ian},
	title = {Leveraging Large Language Models for the Auto-remediation of Microservice Applications: An Experimental Study},
	year = {2024},
	isbn = {9798400706585},
	publisher = {Association for Computing Machinery},
	address = {New York, NY, USA},
	url = {https://doi.org/10.1145/3663529.3663855},
	doi = {10.1145/3663529.3663855},
	booktitle = {Companion Proceedings of the 32nd ACM International Conference on the Foundations of Software Engineering},
	pages = {358–369},
	numpages = {12},
	keywords = {Ansible, Auto-remediation, Autonomic computing, Cloud native applications, Code generation, Kubernetes, Large language models, Microservices, Prompt engineering, Real-time faults, Self-adaptive software},
	location = {Porto de Galinhas, Brazil},
	series = {FSE 2024}
}


@inproceedings{10.1145/3663529.3663861,
	author = {Goel, Drishti and Husain, Fiza and Singh, Aditya and Ghosh, Supriyo and Parayil, Anjaly and Bansal, Chetan and Zhang, Xuchao and Rajmohan, Saravan},
	title = {X-Lifecycle Learning for Cloud Incident Management using LLMs},
	year = {2024},
	isbn = {9798400706585},
	publisher = {Association for Computing Machinery},
	address = {New York, NY, USA},
	url = {https://doi.org/10.1145/3663529.3663861},
	doi = {10.1145/3663529.3663861},
	booktitle = {Companion Proceedings of the 32nd ACM International Conference on the Foundations of Software Engineering},
	pages = {417–428},
	numpages = {12},
	keywords = {Cloud Services, Large language models, Monitor management, Reliability, Root-cause analysis},
	location = {Porto de Galinhas, Brazil},
	series = {FSE 2024}
}


@inproceedings{10.1145/3663529.3663801,
	author = {Chen, Yinghao and Hu, Zehao and Zhi, Chen and Han, Junxiao and Deng, Shuiguang and Yin, Jianwei},
	title = {ChatUniTest: A Framework for LLM-Based Test Generation},
	year = {2024},
	isbn = {9798400706585},
	publisher = {Association for Computing Machinery},
	address = {New York, NY, USA},
	url = {https://doi.org/10.1145/3663529.3663801},
	doi = {10.1145/3663529.3663801},
	booktitle = {Companion Proceedings of the 32nd ACM International Conference on the Foundations of Software Engineering},
	pages = {572–576},
	numpages = {5},
	keywords = {Automatic Unit Testing Generation, Large Language Models},
	location = {Porto de Galinhas, Brazil},
	series = {FSE 2024}
}


@inproceedings{10.1145/3663529.3663868,
	author = {Liu, Haoran and Jia, Zhouyang and Zhou, Huiping and Zhou, Haifang and Li, Shanshan},
	title = {Go the Extra Mile: Fixing Propagated Error-Handling Bugs},
	year = {2024},
	isbn = {9798400706585},
	publisher = {Association for Computing Machinery},
	address = {New York, NY, USA},
	url = {https://doi.org/10.1145/3663529.3663868},
	doi = {10.1145/3663529.3663868},
	booktitle = {Companion Proceedings of the 32nd ACM International Conference on the Foundations of Software Engineering},
	pages = {661–662},
	numpages = {2},
	keywords = {Automatic Program Repair, Error-Handling Bug},
	location = {Porto de Galinhas, Brazil},
	series = {FSE 2024}
}


@inproceedings{10.1145/3663529.3663869,
	author = {Chavan, Sagar Bhikan and Mondal, Shouvick},
	title = {Do Large Language Models Recognize Python Identifier Swaps in Their Generated Code?},
	year = {2024},
	isbn = {9798400706585},
	publisher = {Association for Computing Machinery},
	address = {New York, NY, USA},
	url = {https://doi.org/10.1145/3663529.3663869},
	doi = {10.1145/3663529.3663869},
	booktitle = {Companion Proceedings of the 32nd ACM International Conference on the Foundations of Software Engineering},
	pages = {663–664},
	numpages = {2},
	keywords = {Gemini Pro, LLMs, Python Identifier Swap},
	location = {Porto de Galinhas, Brazil},
	series = {FSE 2024}
}


@inproceedings{10.1145/3663529.3663873,
	author = {Patel, Hetvi and Shah, Kevin Amit and Mondal, Shouvick},
	title = {Do Large Language Models Generate Similar Codes from Mutated Prompts? A Case Study of Gemini Pro},
	year = {2024},
	isbn = {9798400706585},
	publisher = {Association for Computing Machinery},
	address = {New York, NY, USA},
	url = {https://doi.org/10.1145/3663529.3663873},
	doi = {10.1145/3663529.3663873},
	booktitle = {Companion Proceedings of the 32nd ACM International Conference on the Foundations of Software Engineering},
	pages = {671–672},
	numpages = {2},
	keywords = {Gemini Pro, LLMs, NL Prompt Mutation, Source Code Similarity},
	location = {Porto de Galinhas, Brazil},
	series = {FSE 2024}
}


@inproceedings{10.1145/3663529.3664463,
	author = {Souza, D\'{e}bora},
	title = {Comparing Gemini Pro and GPT-3.5 in Algorithmic Problems},
	year = {2024},
	isbn = {9798400706585},
	publisher = {Association for Computing Machinery},
	address = {New York, NY, USA},
	url = {https://doi.org/10.1145/3663529.3664463},
	doi = {10.1145/3663529.3664463},
	booktitle = {Companion Proceedings of the 32nd ACM International Conference on the Foundations of Software Engineering},
	pages = {698–700},
	numpages = {3},
	keywords = {Algorithmic Problems, GPT-3.5, Gemini Pro, LLMs},
	location = {Porto de Galinhas, Brazil},
	series = {FSE 2024}
}


@article{10329992,
	author = {Schafer, Max and Nadi, Sarah and Eghbali, Aryaz and Tip, Frank},
	journal = { IEEE Transactions on Software Engineering },
	title = {{ An Empirical Evaluation of Using Large Language Models for Automated Unit Test Generation }},
	year = {2024},
	volume = {50},
	number = {01},
	ISSN = {1939-3520},
	pages = {85-105},
	keywords = {Training;Test pattern generators;Documentation;Codes;Source coding;Software;Electronic mail},
	doi = {10.1109/TSE.2023.3334955},
	url = {https://doi.ieeecomputersociety.org/10.1109/TSE.2023.3334955},
	publisher = {IEEE Computer Society},
	address = {Los Alamitos, CA, USA},
	month = {jan}
}


@article{10378848,
	author = {Tufano, Rosalia and Dabic, Ozren and Mastropaolo, Antonio and Ciniselli, Matteo and Bavota, Gabriele},
	journal = { IEEE Transactions on Software Engineering },
	title = {{ Code Review Automation: Strengths and Weaknesses of the State of the Art }},
	year = {2024},
	volume = {50},
	number = {02},
	ISSN = {1939-3520},
	pages = {338-353},
	keywords = {Codes;Task analysis;Automation;Software;Java;Transformers;Costs},
	doi = {10.1109/TSE.2023.3348172},
	url = {https://doi.ieeecomputersociety.org/10.1109/TSE.2023.3348172},
	publisher = {IEEE Computer Society},
	address = {Los Alamitos, CA, USA},
	month = {feb}
}


@article{10433002,
	author = {Zhang, Yuxia and Qiu, Zhiqing and Stol, Klaas-Jan and Zhu, Wenhui and Zhu, Jiaxin and Tian, Yingchen and Liu, Hui},
	journal = { IEEE Transactions on Software Engineering },
	title = {{ Automatic Commit Message Generation: A Critical Review and Directions for Future Work }},
	year = {2024},
	volume = {50},
	number = {04},
	ISSN = {1939-3520},
	pages = {816-835},
	keywords = {Codes;Chatbots;Task analysis;Noise measurement;Machine translation;Information retrieval;Software maintenance},
	doi = {10.1109/TSE.2024.3364675},
	url = {https://doi.ieeecomputersociety.org/10.1109/TSE.2024.3364675},
	publisher = {IEEE Computer Society},
	address = {Los Alamitos, CA, USA},
	month = {apr}
}


@article{10485640,
	author = {Tang, Yutian and Liu, Zhijie and Zhou, Zhichao and Luo, Xiapu},
	journal = { IEEE Transactions on Software Engineering },
	title = {{ ChatGPT vs SBST: A Comparative Assessment of Unit Test Suite Generation }},
	year = {2024},
	volume = {50},
	number = {06},
	ISSN = {1939-3520},
	pages = {1340-1359},
	keywords = {Chatbots;Codes;Task analysis;Software;Question answering (information retrieval);Computer bugs;Benchmark testing},
	doi = {10.1109/TSE.2024.3382365},
	url = {https://doi.ieeecomputersociety.org/10.1109/TSE.2024.3382365},
	publisher = {IEEE Computer Society},
	address = {Los Alamitos, CA, USA},
	month = {jun}
}


@article{10507163,
	author = {Liu, Zhijie and Tang, Yutian and Luo, Xiapu and Zhou, Yuming and Zhang, Liang Feng},
	journal = { IEEE Transactions on Software Engineering },
	title = {{ No Need to Lift a Finger Anymore? Assessing the Quality of Code Generation by ChatGPT }},
	year = {2024},
	volume = {50},
	number = {06},
	ISSN = {1939-3520},
	pages = {1548-1584},
	keywords = {Codes;Chatbots;Task analysis;Complexity theory;Security;Transformers;Electronic mail},
	doi = {10.1109/TSE.2024.3392499},
	url = {https://doi.ieeecomputersociety.org/10.1109/TSE.2024.3392499},
	publisher = {IEEE Computer Society},
	address = {Los Alamitos, CA, USA},
	month = {jun}
}


@article{10482873,
	author = {Liu, Changshu and Cetin, Pelin and Patodia, Yogesh and Ray, Baishakhi and Chakraborty, Saikat and Ding, Yangruibo},
	journal = { IEEE Transactions on Software Engineering },
	title = {{ Automated Code Editing With Search-Generate-Modify }},
	year = {2024},
	volume = {50},
	number = {07},
	ISSN = {1939-3520},
	pages = {1675-1686},
	keywords = {Codes;Transformers;Decoding;Task analysis;Maintenance engineering;Context modeling;Training},
	doi = {10.1109/TSE.2024.3376387},
	url = {https://doi.ieeecomputersociety.org/10.1109/TSE.2024.3376387},
	publisher = {IEEE Computer Society},
	address = {Los Alamitos, CA, USA},
	month = {jul}
}


@article{10521881,
	author = {Tu, Haoxin and Zhou, Zhide and Jiang, He and Yusuf, Imam Nur Bani and Li, Yuxian and Jiang, Lingxiao},
	journal = { IEEE Transactions on Software Engineering },
	title = {{ Isolating Compiler Bugs by Generating Effective Witness Programs With Large Language Models }},
	year = {2024},
	volume = {50},
	number = {07},
	ISSN = {1939-3520},
	pages = {1768-1788},
	keywords = {Computer bugs;Program processors;Task analysis;Codes;Reinforcement learning;Production;Mathematical models},
	doi = {10.1109/TSE.2024.3397822},
	url = {https://doi.ieeecomputersociety.org/10.1109/TSE.2024.3397822},
	publisher = {IEEE Computer Society},
	address = {Los Alamitos, CA, USA},
	month = {jul}
}


@article{10584357,
	author = {Fang, Chunrong and Sun, Weisong and Chen, Yuchen and Chen, Xiao and Wei, Zhao and Zhang, Quanjun and You, Yudu and Luo, Bin and Liu, Yang and Chen, Zhenyu},
	journal = { IEEE Transactions on Software Engineering },
	title = {{ Esale: Enhancing Code-Summary Alignment Learning for Source Code Summarization }},
	year = {2024},
	volume = {50},
	number = {08},
	ISSN = {1939-3520},
	pages = {2077-2095},
	keywords = {Codes;Task analysis;Vectors;Predictive models;Source coding;Decoding;Software},
	doi = {10.1109/TSE.2024.3422274},
	url = {https://doi.ieeecomputersociety.org/10.1109/TSE.2024.3422274},
	publisher = {IEEE Computer Society},
	address = {Los Alamitos, CA, USA},
	month = {aug}
}


@article{10606356,
	author = {Fakhoury, Sarah and Naik, Aaditya and Sakkas, Georgios and Chakraborty, Saikat and Lahiri, Shuvendu K.},
	journal = { IEEE Transactions on Software Engineering },
	title = {{ LLM-Based Test-Driven Interactive Code Generation: User Study and Empirical Evaluation }},
	year = {2024},
	volume = {50},
	number = {09},
	ISSN = {1939-3520},
	pages = {2254-2268},
	keywords = {Codes;Accuracy;Natural languages;Artificial intelligence;Python;Task analysis;Benchmark testing},
	doi = {10.1109/TSE.2024.3428972},
	url = {https://doi.ieeecomputersociety.org/10.1109/TSE.2024.3428972},
	publisher = {IEEE Computer Society},
	address = {Los Alamitos, CA, USA},
	month = {sep}
}


@article{10609742,
	author = {Shin, Jiho and Hemmati, Hadi and Wei, Moshi and Wang, Song},
	journal = { IEEE Transactions on Software Engineering },
	title = {{ Assessing Evaluation Metrics for Neural Test Oracle Generation }},
	year = {2024},
	volume = {50},
	number = {09},
	ISSN = {1939-3520},
	pages = {2337-2349},
	keywords = {Measurement;Correlation;Testing;Software;Codes;Accuracy;Electronic mail},
	doi = {10.1109/TSE.2024.3433463},
	url = {https://doi.ieeecomputersociety.org/10.1109/TSE.2024.3433463},
	publisher = {IEEE Computer Society},
	address = {Los Alamitos, CA, USA},
	month = {sep}
}


@article{10634302,
	author = {Yang, Guang and Zhou, Yu and Chen, Xiang and Zhang, Xiangyu and Zhuo, Terry Yue and Chen, Taolue},
	journal = { IEEE Transactions on Software Engineering },
	title = {{ Chain-of-Thought in Neural Code Generation: From and for Lightweight Language Models }},
	year = {2024},
	volume = {50},
	number = {09},
	ISSN = {1939-3520},
	pages = {2437-2457},
	keywords = {Codes;Cotton;Task analysis;Computational modeling;Benchmark testing;Training;Software engineering},
	doi = {10.1109/TSE.2024.3440503},
	url = {https://doi.ieeecomputersociety.org/10.1109/TSE.2024.3440503},
	publisher = {IEEE Computer Society},
	address = {Los Alamitos, CA, USA},
	month = {sep}
}


@article{10636040,
	author = {Zhou, Ziyi and Li, Mingchen and Yu, Huiqun and Fan, Guisheng and Yang, Penghui and Huang, Zijie},
	journal = { IEEE Transactions on Software Engineering },
	title = {{ Learning to Generate Structured Code Summaries From Hybrid Code Context }},
	year = {2024},
	volume = {50},
	number = {10},
	ISSN = {1939-3520},
	pages = {2512-2528},
	keywords = {Codes;Hybrid power systems;Documentation;Task analysis;Annotations;Source coding;Context modeling},
	doi = {10.1109/TSE.2024.3439562},
	url = {https://doi.ieeecomputersociety.org/10.1109/TSE.2024.3439562},
	publisher = {IEEE Computer Society},
	address = {Los Alamitos, CA, USA},
	month = {oct}
}


@article{10664637,
	author = {Kang, Sungmin and Yoon, Juyeon and Askarbekkyzy, Nargiz and Yoo, Shin},
	journal = { IEEE Transactions on Software Engineering },
	title = {{ Evaluating Diverse Large Language Models for Automatic and General Bug Reproduction }},
	year = {2024},
	volume = {50},
	number = {10},
	ISSN = {1939-3520},
	pages = {2677-2694},
	keywords = {Computer bugs;Codes;Pipelines;Large language models;Debugging;Java;Computational modeling},
	doi = {10.1109/TSE.2024.3450837},
	url = {https://doi.ieeecomputersociety.org/10.1109/TSE.2024.3450837},
	publisher = {IEEE Computer Society},
	address = {Los Alamitos, CA, USA},
	month = {oct}
}


@article{10538301,
	author = {Wang, Haoye and Gao, Zhipeng and Hu, Xing and Lo, David and Grundy, John and Wang, Xinyu},
	journal = { IEEE Transactions on Software Engineering },
	title = {{ Just-In-Time TODO-Missed Commits Detection }},
	year = {2024},
	volume = {50},
	number = {11},
	ISSN = {1939-3520},
	pages = {2732-2752},
	keywords = {Codes;Task analysis;Training;Python;Stars;Software quality;Software development management},
	doi = {10.1109/TSE.2024.3405005},
	url = {https://doi.ieeecomputersociety.org/10.1109/TSE.2024.3405005},
	publisher = {IEEE Computer Society},
	address = {Los Alamitos, CA, USA},
	month = {nov}
}


@article{10707668,
	author = {Li, Yichen and Huo, Yintong and Jiang, Zhihan and Zhong, Renyi and He, Pinjia and Su, Yuxin and Briand, Lionel C. and Lyu, Michael R.},
	journal = { IEEE Transactions on Software Engineering },
	title = {{ Exploring the Effectiveness of LLMs in Automated Logging Statement Generation: An Empirical Study }},
	year = {2024},
	volume = {50},
	number = {12},
	ISSN = {1939-3520},
	pages = {3188-3207},
	keywords = {Codes;Software;Natural languages;Runtime;Generators;Training data;Software development management;Measurement;Large language models;Analytical models},
	doi = {10.1109/TSE.2024.3475375},
	url = {https://doi.ieeecomputersociety.org/10.1109/TSE.2024.3475375},
	publisher = {IEEE Computer Society},
	address = {Los Alamitos, CA, USA},
	month = {dec}
}


@article{10713474,
	author = {Xue, Pengyu and Wu, Linhao and Yu, Zhongxing and Jin, Zhi and Yang, Zhen and Li, Xinyi and Yang, Zhenyu and Tan, Yue},
	journal = { IEEE Transactions on Software Engineering },
	title = {{ Automated Commit Message Generation With Large Language Models: An Empirical Study and Beyond }},
	year = {2024},
	volume = {50},
	number = {12},
	ISSN = {1939-3520},
	pages = {3208-3224},
	keywords = {Codes;Measurement;Manuals;Collaboration;Systematics;Solid modeling;Data models;Python;Large language models;Java},
	doi = {10.1109/TSE.2024.3478317},
	url = {https://doi.ieeecomputersociety.org/10.1109/TSE.2024.3478317},
	publisher = {IEEE Computer Society},
	address = {Los Alamitos, CA, USA},
	month = {dec}
}


@article{10734067,
	author = {Liao, Dianshu and Pan, Shidong and Sun, Xiaoyu and Ren, Xiaoxue and Huang, Qing and Xing, Zhenchang and Jin, Huan and Li, Qinying},
	journal = { IEEE Transactions on Software Engineering },
	title = {{ $\mathbf{A^{3}}$A3-CodGen: A Repository-Level Code Generation Framework for Code Reuse With Local-Aware, Global-Aware, and Third-Party-Library-Aware }},
	year = {2024},
	volume = {50},
	number = {12},
	ISSN = {1939-3520},
	pages = {3369-3384},
	keywords = {Codes;Libraries;Software development management;Data mining;Benchmark testing;Transformers;Software engineering;Context modeling;Chatbots;Australia},
	doi = {10.1109/TSE.2024.3486195},
	url = {https://doi.ieeecomputersociety.org/10.1109/TSE.2024.3486195},
	publisher = {IEEE Computer Society},
	address = {Los Alamitos, CA, USA},
	month = {dec}
}


@inproceedings{10.1145/3597503.3623342,
	author = {Yang, Aidan Z. H. and Le Goues, Claire and Martins, Ruben and Hellendoorn, Vincent},
	title = {Large Language Models for Test-Free Fault Localization},
	year = {2024},
	isbn = {9798400702174},
	publisher = {Association for Computing Machinery},
	address = {New York, NY, USA},
	url = {https://doi.org/10.1145/3597503.3623342},
	doi = {10.1145/3597503.3623342},
	booktitle = {Proceedings of the IEEE/ACM 46th International Conference on Software Engineering},
	articleno = {17},
	numpages = {12},
	location = {Lisbon, Portugal},
	series = {ICSE '24}
}


@inproceedings{10.1145/3597503.3639188,
	author = {Cai, Yuchen and Yadavally, Aashish and Mishra, Abhishek and Montejo, Genesis and Nguyen, Tien},
	title = {Programming Assistant for Exception Handling with CodeBERT},
	year = {2024},
	isbn = {9798400702174},
	publisher = {Association for Computing Machinery},
	address = {New York, NY, USA},
	url = {https://doi.org/10.1145/3597503.3639188},
	doi = {10.1145/3597503.3639188},
	booktitle = {Proceedings of the IEEE/ACM 46th International Conference on Software Engineering},
	articleno = {94},
	numpages = {13},
	keywords = {AI4SE, large language models, automated exception handling},
	location = {Lisbon, Portugal},
	series = {ICSE '24}
}


@inproceedings{10.1145/3597503.3639187,
	author = {Nam, Daye and Macvean, Andrew and Hellendoorn, Vincent and Vasilescu, Bogdan and Myers, Brad},
	title = {Using an LLM to Help With Code Understanding},
	year = {2024},
	isbn = {9798400702174},
	publisher = {Association for Computing Machinery},
	address = {New York, NY, USA},
	url = {https://doi.org/10.1145/3597503.3639187},
	doi = {10.1145/3597503.3639187},
	booktitle = {Proceedings of the IEEE/ACM 46th International Conference on Software Engineering},
	articleno = {97},
	numpages = {13},
	location = {Lisbon, Portugal},
	series = {ICSE '24}
}


@inproceedings{10.1145/3663529.3663826,
	author = {Yu, Zhaoyang and Ma, Minghua and Zhang, Chaoyun and Qin, Si and Kang, Yu and Bansal, Chetan and Rajmohan, Saravan and Dang, Yingnong and Pei, Changhua and Pei, Dan and Lin, Qingwei and Zhang, Dongmei},
	title = {MonitorAssistant: Simplifying Cloud Service Monitoring via Large Language Models},
	year = {2024},
	isbn = {9798400706585},
	publisher = {Association for Computing Machinery},
	address = {New York, NY, USA},
	url = {https://doi.org/10.1145/3663529.3663826},
	doi = {10.1145/3663529.3663826},
	booktitle = {Companion Proceedings of the 32nd ACM International Conference on the Foundations of Software Engineering},
	pages = {38–49},
	numpages = {12},
	keywords = {Anomaly Detection, Cloud Service Monitoring, Large Language Models, Software Reliability},
	location = {Porto de Galinhas, Brazil},
	series = {FSE 2024}
}


@inproceedings{10.1145/3663529.3663803,
	author = {Pomian, Dorin and Bellur, Abhiram and Dilhara, Malinda and Kurbatova, Zarina and Bogomolov, Egor and Sokolov, Andrey and Bryksin, Timofey and Dig, Danny},
	title = {EM-Assist: Safe Automated ExtractMethod Refactoring with LLMs},
	year = {2024},
	isbn = {9798400706585},
	publisher = {Association for Computing Machinery},
	address = {New York, NY, USA},
	url = {https://doi.org/10.1145/3663529.3663803},
	doi = {10.1145/3663529.3663803},
	booktitle = {Companion Proceedings of the 32nd ACM International Conference on the Foundations of Software Engineering},
	pages = {582–586},
	numpages = {5},
	keywords = {Code smells, Java, Kotlin, LLMs, Long Methods, Refactoring},
	location = {Porto de Galinhas, Brazil},
	series = {FSE 2024}
}


@article{10697930,
	author = {Pan, Rongqi and Ghaleb, Taher A. and Briand, Lionel C.},
	journal = { IEEE Transactions on Software Engineering },
	title = {{ LTM: Scalable and Black-Box Similarity-Based Test Suite Minimization Based on Language Models }},
	year = {2024},
	volume = {50},
	number = {11},
	ISSN = {1939-3520},
	pages = {3053-3070},
	keywords = {Minimization;Codes;Fault detection;Closed box;Scalability;Time measurement;Genetic algorithms;Source coding;Vectors;Unified modeling language},
	doi = {10.1109/TSE.2024.3469582},
	url = {https://doi.ieeecomputersociety.org/10.1109/TSE.2024.3469582},
	publisher = {IEEE Computer Society},
	address = {Los Alamitos, CA, USA},
	month = {nov}
}
